<?xml version="1.0" encoding="UTF-8"?><collection xmlns="http://www.loc.gov/MARC21/slim"><record><leader>00346nam--2200133-i-4500</leader><controlfield tag="001">000001343</controlfield><controlfield tag="002">20161230</controlfield><controlfield tag="005">20161230201024</controlfield><controlfield tag="008">060222s1000------------r-----000-0-eng-d</controlfield><datafield ind1=" " ind2=" " tag="080"><subfield code="a">548:546.24(043)</subfield></datafield><datafield ind1=" " ind2=" " tag="100"><subfield code="a">Doukhan, J.C</subfield></datafield><datafield ind1=" " ind2=" " tag="245"><subfield code="a">Proprietes des dislocations dans le tellure. these</subfield></datafield><datafield ind1=" " ind2=" " tag="260"><subfield code="a">Lille, Universite, 1971. 119 P</subfield></datafield><datafield ind1=" " ind2=" " tag="852"><subfield code="a">78174</subfield></datafield></record></collection>